<?xml version="1.0" encoding="UTF-8"?><record xmlns="http://www.loc.gov/MARC21/slim" xmlns:cinclude="http://apache.org/cocoon/include/1.0" xmlns:zs="http://www.loc.gov/zing/srw/">
  <leader>00490cz  a2200133n  4500</leader>
  <controlfield tag="001">n  83164008 </controlfield>
  <controlfield tag="003">DLC</controlfield>
  <controlfield tag="005">20081217080715.0</controlfield>
  <controlfield tag="008">831007n| acannaabn          |n ana      </controlfield>
  <datafield tag="010" ind1=" " ind2=" ">
    <subfield code="a">n  83164008 </subfield>
  </datafield>
  <datafield tag="035" ind1=" " ind2=" ">
    <subfield code="a">(OCoLC)oca00987338</subfield>
  </datafield>
  <datafield tag="040" ind1=" " ind2=" ">
    <subfield code="a">DLC</subfield>
    <subfield code="b">eng</subfield>
    <subfield code="c">DLC</subfield>
    <subfield code="d">OCoLC</subfield>
  </datafield>
  <datafield tag="110" ind1="2" ind2=" ">
    <subfield code="a">National Institute of Mental Health (U.S.).</subfield>
    <subfield code="b">Paraprofessional Training Branch</subfield>
  </datafield>
  <datafield tag="670" ind1=" " ind2=" ">
    <subfield code="a">Immigrants and refugees in a changing nation, 1983:</subfield>
    <subfield code="b">t.p. (National Institute of Mental Health, Paraprofessional Training Branch)</subfield>
  </datafield>
</record>